{
  "leader": "03189cam a2200505 a 4500",
  "fields": [
    {
      "001": "ocm11785936\\"
    },
    {
      "003": "OCoLC"
    },
    {
      "005": "20220103112509.0"
    },
    {
      "008": "850213s1979\\\\\\\\sw\\a\\\\\\\\\\b\\\\\\\\110\\0\\eng\\\\"
    },
    {
      "010": {
        "ind1": "\\",
        "ind2": "\\",
        "subfields": [
          {
            "a": "   81123572 "
          }
        ]
      }
    },
    {
      "040": {
        "ind1": "\\",
        "ind2": "\\",
        "subfields": [
          {
            "a": "DLC"
          },
          {
            "b": "eng"
          },
          {
            "c": "DLC"
          },
          {
            "d": "OCL"
          },
          {
            "d": "LAS"
          },
          {
            "d": "OCLCQ"
          },
          {
            "d": "BTCTA"
          },
          {
            "d": "UBY"
          },
          {
            "d": "GBVCP"
          },
          {
            "d": "OCLCO"
          },
          {
            "d": "OCLCF"
          },
          {
            "d": "OCLCQ"
          },
          {
            "d": "OCLCO"
          },
          {
            "d": "OCL"
          },
          {
            "d": "OCLCO"
          },
          {
            "d": "OCLCQ"
          },
          {
            "d": "OCLCA"
          },
          {
            "d": "LGG"
          },
          {
            "d": "LUN"
          }
        ]
      }
    },
    {
      "015": {
        "ind1": "\\",
        "ind2": "\\",
        "subfields": [
          {
            "a": "S80"
          }
        ]
      }
    },
    {
      "019": {
        "ind1": "\\",
        "ind2": "\\",
        "subfields": [
          {
            "a": "7024747"
          },
          {
            "a": "226056791"
          },
          {
            "a": "1169973498"
          }
        ]
      }
    },
    {
      "020": {
        "ind1": "\\",
        "ind2": "\\",
        "subfields": [
          {
            "a": "9185252204"
          }
        ]
      }
    },
    {
      "020": {
        "ind1": "\\",
        "ind2": "\\",
        "subfields": [
          {
            "a": "9789185252206"
          }
        ]
      }
    },
    {
      "035": {
        "ind1": "\\",
        "ind2": "\\",
        "subfields": [
          {
            "a": "(OCoLC)11785936"
          },
          {
            "z": "(OCoLC)7024747"
          },
          {
            "z": "(OCoLC)226056791"
          },
          {
            "z": "(OCoLC)1169973498"
          }
        ]
      }
    },
    {
      "041": {
        "ind1": "0",
        "ind2": "\\",
        "subfields": [
          {
            "a": "eng"
          },
          {
            "a": "fre"
          }
        ]
      }
    },
    {
      "043": {
        "ind1": "\\",
        "ind2": "\\",
        "subfields": [
          {
            "a": "e-sw---"
          }
        ]
      }
    },
    {
      "050": {
        "ind1": "0",
        "ind2": "0",
        "subfields": [
          {
            "a": "Q175.4"
          },
          {
            "b": ".C66 1979"
          }
        ]
      }
    },
    {
      "050": {
        "ind1": "1",
        "ind2": "4",
        "subfields": [
          {
            "a": "CB478"
          },
          {
            "b": ".C75x"
          }
        ]
      }
    },
    {
      "055": {
        "ind1": "0",
        "ind2": "4",
        "subfields": [
          {
            "a": "HM208"
          },
          {
            "b": "C66"
          }
        ]
      }
    },
    {
      "082": {
        "ind1": "0",
        "ind2": "0",
        "subfields": [
          {
            "a": "303.483"
          },
          {
            "b": "CON"
          }
        ]
      }
    },
    {
      "245": {
        "ind1": "0",
        "ind2": "4",
        "subfields": [
          {
            "a": "The Condition of man :"
          },
          {
            "b": "proceedings of an international symposium held September 8-10, 1978 in Go\u0308teborg to celebrate the 200th anniversary of the Royal Society of Arts and Sciences of Go\u0308teborg /"
          },
          {
            "c": "edited by Paul Hallberg."
          }
        ]
      }
    },
    {
      "260": {
        "ind1": "\\",
        "ind2": "\\",
        "subfields": [
          {
            "a": "Go\u0308teborg :"
          },
          {
            "b": "Vetenskaps- o. vitterhets-samha\u0308llet,"
          },
          {
            "c": "1979."
          }
        ]
      }
    },
    {
      "300": {
        "ind1": "\\",
        "ind2": "\\",
        "subfields": [
          {
            "a": "228 pages :"
          },
          {
            "b": "illustrations ;"
          },
          {
            "c": "23 cm"
          }
        ]
      }
    },
    {
      "336": {
        "ind1": "\\",
        "ind2": "\\",
        "subfields": [
          {
            "a": "text"
          },
          {
            "b": "txt"
          },
          {
            "2": "rdacontent"
          }
        ]
      }
    },
    {
      "337": {
        "ind1": "\\",
        "ind2": "\\",
        "subfields": [
          {
            "a": "unmediated"
          },
          {
            "b": "n"
          },
          {
            "2": "rdamedia"
          }
        ]
      }
    },
    {
      "338": {
        "ind1": "\\",
        "ind2": "\\",
        "subfields": [
          {
            "a": "volume"
          },
          {
            "b": "nc"
          },
          {
            "2": "rdacarrier"
          }
        ]
      }
    },
    {
      "500": {
        "ind1": "\\",
        "ind2": "\\",
        "subfields": [
          {
            "a": "English or French."
          }
        ]
      }
    },
    {
      "504": {
        "ind1": "\\",
        "ind2": "\\",
        "subfields": [
          {
            "a": "Includes bibliographical references."
          }
        ]
      }
    },
    {
      "505": {
        "ind1": "0",
        "ind2": "0",
        "subfields": [
          {
            "g": "Introductory address /"
          },
          {
            "r": "Nils Grale\u0301n --"
          },
          {
            "t": "Science en crise? /"
          },
          {
            "r": "Rene\u0301 Thom --"
          },
          {
            "t": "Richer life through less energy consumption /"
          },
          {
            "r": "Rene\u0301 Dubos --"
          },
          {
            "t": "Man's use of nature's gifts, a historical survey /"
          },
          {
            "r": "Artur Attman --"
          },
          {
            "t": "Radio waves from distant galaxies, with applications to geodynamics /"
          },
          {
            "r": "Bernt O. Ro\u0308nna\u0308ng --"
          },
          {
            "t": "What does mankind remember -- and for how long? An archaeologist's reflections on some recent claims /"
          },
          {
            "r": "Carl-Axel Moberg --"
          },
          {
            "t": "Environmental chemicals causing cancer and genetic birth defects /"
          },
          {
            "r": "Bruce N. Ames --"
          },
          {
            "t": "Malraux et la condition re\u0301volutionnaire /"
          },
          {
            "r": "Jean-Herve\u0301 Donnard --"
          },
          {
            "t": "Problem of purpose in evolution /"
          },
          {
            "r": "W.H. Thorpe --"
          },
          {
            "t": "Condition of man in post-industrial society /"
          },
          {
            "r": "Torgny T. Segerstedt --"
          },
          {
            "t": "Ethical implications of enzyme technology /"
          },
          {
            "r": "Bo G. Malmstro\u0308m --"
          },
          {
            "t": "Adaptable brain during the stress of the life cycle /"
          },
          {
            "r": "Holger Hyde\u0301n --"
          },
          {
            "t": "150 ans d'usage du mot Liberte\u0301 1789-1939 /"
          },
          {
            "r": "Ge\u0301rald Antoine --"
          },
          {
            "g": "General discussion on 'The condition of man'"
          },
          {
            "r": "(Chairman : Nils Grale\u0301n)."
          }
        ]
      }
    },
    {
      "546": {
        "ind1": "\\",
        "ind2": "\\",
        "subfields": [
          {
            "a": "Text in English or French."
          }
        ]
      }
    },
    {
      "610": {
        "ind1": "2",
        "ind2": "0",
        "subfields": [
          {
            "a": "Kungl. Vetenskaps- och vitterhets-samha\u0308llet i Go\u0308teborg."
          }
        ]
      }
    },
    {
      "610": {
        "ind1": "2",
        "ind2": "7",
        "subfields": [
          {
            "a": "Kungl. Vetenskaps- och vitterhets-samha\u0308llet i Go\u0308teborg."
          },
          {
            "2": "fast"
          },
          {
            "0": "(OCoLC)fst00546149"
          }
        ]
      }
    },
    {
      "650": {
        "ind1": "\\",
        "ind2": "0",
        "subfields": [
          {
            "a": "Science"
          },
          {
            "x": "Social aspects"
          },
          {
            "v": "Congresses."
          }
        ]
      }
    },
    {
      "650": {
        "ind1": "\\",
        "ind2": "0",
        "subfields": [
          {
            "a": "Human beings"
          },
          {
            "x": "Effect of environment on"
          },
          {
            "v": "Congresses."
          }
        ]
      }
    },
    {
      "650": {
        "ind1": "\\",
        "ind2": "7",
        "subfields": [
          {
            "a": "Human beings"
          },
          {
            "x": "Effect of environment on."
          },
          {
            "2": "fast"
          },
          {
            "0": "(OCoLC)fst00962843"
          }
        ]
      }
    },
    {
      "650": {
        "ind1": "\\",
        "ind2": "7",
        "subfields": [
          {
            "a": "Science"
          },
          {
            "x": "Social aspects."
          },
          {
            "2": "fast"
          },
          {
            "0": "(OCoLC)fst01108360"
          }
        ]
      }
    },
    {
      "655": {
        "ind1": "\\",
        "ind2": "7",
        "subfields": [
          {
            "a": "Conference papers and proceedings."
          },
          {
            "2": "fast"
          },
          {
            "0": "(OCoLC)fst01423772"
          }
        ]
      }
    },
    {
      "700": {
        "ind1": "1",
        "ind2": "\\",
        "subfields": [
          {
            "a": "Hallberg, Paul."
          }
        ]
      }
    },
    {
      "710": {
        "ind1": "2",
        "ind2": "\\",
        "subfields": [
          {
            "a": "Kungl. Vetenskaps- och vitterhets-samha\u0308llet i Go\u0308teborg."
          }
        ]
      }
    },
    {
      "776": {
        "ind1": "0",
        "ind2": "8",
        "subfields": [
          {
            "i": "Online version:"
          },
          {
            "t": "Condition of man."
          },
          {
            "d": "Go\u0308teborg : Vetenskaps- o. vitterhets-samha\u0308llet, 1979"
          },
          {
            "w": "(OCoLC)562994571"
          }
        ]
      }
    },
    {
      "994": {
        "ind1": "\\",
        "ind2": "\\",
        "subfields": [
          {
            "a": "Z0"
          },
          {
            "b": "NYRVC"
          }
        ]
      }
    },
    {
      "948": {
        "ind1": "\\",
        "ind2": "\\",
        "subfields": [
          {
            "h": "NO HOLDINGS IN NYRVC - 165 OTHER HOLDINGS"
          }
        ]
      }
    },
    {
      "999": {
        "ind1": "\\",
        "ind2": "\\",
        "subfields": [
          {
            "a": "00000000014961"
          }
        ]
      }
    }
  ]
}